@inproceedings{nivre17udw,
author = {Nivre, Joakim and Fang, Chiao-Ting},
year = {2017},
title = {Universal Dependency Evaluation},
booktitle = {Proceedings of the NoDaLiDa 2017 Workshop on Universal Dependencies (UDW 2017)},
pages = {86--95}
}

@misc{ud20testdata,
  title  = {{Universal Dependencies 2.0 – CoNLL} 2017 Shared Task Development and Test Data},
  year = {2017},
  author = {Nivre, Joakim and others},
  url  = {http://hdl.handle.net/11234/1-2184},
  note = {{LINDAT}/{CLARIN} digital library at the Institute of Formal and Applied Linguistics, Charles University, Prague, \url{http://hdl.handle.net/11234/1-2184}},
  copyright = {Licence Universal Dependencies v2.0},
}

@misc{ud22testdata,
  title  = {{Universal Dependencies 2.2 – CoNLL} 2018 Shared Task Development and Test Data},
  year = {2018},
  author = {Zeman, Dan and others},
  url  = {http://hdl.handle.net/11234/1-2184},
  note = {{LINDAT}/{CLARIN} digital library at the Institute of Formal and Applied Linguistics, Charles University, Prague, \url{http://hdl.handle.net/11234/1-2184}},
  copyright = {Licence Universal Dependencies v2.2},
}

@inproceedings{udst:overview2017,
author = {Daniel Zeman and Filip Ginter and Jan Haji\v{c} and Joakim Nivre and Martin Popel and Milan Straka and et al},
title = {{CoNLL 2017 Shared Task: Multilingual Parsing from Raw Text to Universal Dependencies}},
booktitle = {{Proceedings of the CoNLL 2017 Shared Task: Multilingual Parsing from Raw Text to Universal Dependencies}},
publisher =	"Association for Computational Linguistics",
pages =   "1--20",
location =	"Vancouver, Canada",
year={2017}
}

@inproceedings{udst:overview,
author = {Daniel Zeman and Filip Ginter and Jan Haji\v{c} and Joakim Nivre and Martin Popel and Milan Straka and et al},
title = {{CoNLL 2018 Shared Task: Multilingual Parsing from Raw Text to Universal Dependencies}},
booktitle = {{Proceedings of the CoNLL 2018 Shared Task: Multilingual Parsing from Raw Text to Universal Dependencies}},
publisher =	"Association for Computational Linguistics",
pages =   "1--20",
location =	"Brussels, Belgium",
year={2018}
}

@inproceedings{ud,
  author    = {Nivre, Joakim and de Marneffe, Marie-Catherine and Ginter, Filip and Goldberg, Yoav and Haji{\v{c}}, Jan and Manning, Christopher and McDonald, Ryan and Petrov, Slav and Pyysalo, Sampo and Silveira, Natalia and Tsarfaty, Reut and Zeman, Daniel},
  year      = {2016},
  title     = {{Universal Dependencies} v1: A Multilingual Treebank Collection},
  booktitle = {Proceedings of the 10th International Conference on Language Resources and Evaluation ({LREC} 2016)},
  address   = {Portorož, Slovenia},
  publisher = {European Language Resources Association},
  pages     = {1659--1666},
  isbn      = {978-2-9517408-9-1}
}

@inproceedings{udpipe,
  author    = {Straka, Milan and Haji\v{c}, Jan and Strakov\'{a}, Jana},
  year      = {2016},
  title     = {{UDPipe:} Trainable Pipeline for Processing {CoNLL-U} Files
      Performing Tokenization, Morphological Analysis, {POS} Tagging and Parsing},
  booktitle = {Proceedings of the 10th International Conference on Language Resources and Evaluation ({LREC} 2016)},
  address   = {Portorož, Slovenia},
  publisher = {European Language Resources Association},
  isbn      = {978-2-9517408-9-1}
}

% Slav, David: Is this the correct reference to Syntaxnet?
@article{syntaxnet,
  author    = {David Weiss and
               Chris Alberti and
               Michael Collins and
               Slav Petrov},
  title     = {Structured Training for Neural Network Transition-Based Parsing},
  journal   = {CoRR},
  volume    = {abs/1506.06158},
  year      = {2015},
  url       = {http://arxiv.org/abs/1506.06158},
  timestamp = {Wed, 01 Jul 2015 15:10:24 +0200},
  biburl    = {http://dblp.uni-trier.de/rec/bib/journals/corr/WeissACP15},
  bibsource = {dblp computer science bibliography, http://dblp.org}
}

@inproceedings{tira,
author = {Martin Potthast and Tim Gollub and Francisco Rangel and Paolo Rosso and Efstathios Stamatatos and Benno Stein},
title={Improving the Reproducibility of {PAN}'s Shared Tasks: Plagiarism Detection, Author Identification, and Author Profiling},
booktitle={Information Access Evaluation meets Multilinguality, Multimodality, and Visualization. 5th International Conference of the {CLEF} Initiative ({CLEF} 14)},
  editor    = {Evangelos Kanoulas and Mihai Lupu and Paul Clough and Mark Sanderson and Mark Hall and Allan Hanbury and Elaine Toms},
pages={268--299},
 year={2014},
  doi       = {10.1007/978-3-319-11382-1\_{}22},
  isbn      = {978-3-319-11381-4},
  month     = sep,
  pages     = {268-299},
  publisher = {Springer},
  address   = {Berlin Heidelberg New York}
}

@misc{ud20data,
  title  = {{Universal Dependencies 2.0}},
  year = {2017},
  author = {Nivre, Joakim and others},
  authorall = {Nivre, Joakim and Agi{\'c}, {\v Z}eljko and Ahrenberg, Lars and Aranzabe, Maria Jesus and Asahara, Masayuki and Atutxa, Aitziber and Ballesteros, Miguel and Bauer, John and Bengoetxea, Kepa and Bhat, Riyaz Ahmad and Bick, Eckhard and Bosco, Cristina and Bouma, Gosse and Bowman, Sam and Candito, Marie and Cebiroğlu Eryiğit, G{\"u}l{\c s}en and Celano, Giuseppe G. A. and Chalub, Fabricio and Choi, Jinho and {\c C}{\"o}ltekin, {\c C}ağrı and Connor, Miriam and Davidson, Elizabeth and de Marneffe, Marie-Catherine and de Paiva, Valeria and Diaz de Ilarraza, Arantza and Dobrovoljc, Kaja and Dozat, Timothy and Droganova, Kira and Dwivedi, Puneet and Eli, Marhaba and Erjavec, Toma{\v z} and Farkas, Rich{\'a}rd and Foster, Jennifer and Freitas, Cl{\'a}udia and Gajdo{\v s}ov{\'a}, Katar{\'i}na and Galbraith, Daniel and Garcia, Marcos and Ginter, Filip and Goenaga, Iakes and Gojenola, Koldo and G{\"o}kırmak, Memduh and Goldberg, Yoav and G{\'o}mez Guinovart, Xavier and Gonz{\'a}les Saavedra, Berta and Grioni, Matias and Gr{\=u}z{\=i}tis, Normunds and Guillaume, Bruno and Habash, Nizar and Haji{\v c}, Jan and H{\`a} Mỹ, Linh and Haug, Dag and Hladk{\'a}, Barbora and Hohle, Petter and Ion, Radu and Irimia, Elena and Johannsen, Anders and J{\o}rgensen, Fredrik and Ka{\c s}ıkara, H{\"u}ner and Kanayama, Hiroshi and Kanerva, Jenna and Kotsyba, Natalia and Krek, Simon and Laippala, Veronika and L{\^e} Hồng, Phương and Lenci, Alessandro and Ljube{\v s}i{\'c}, Nikola and Lyashevskaya, Olga and Lynn, Teresa and Makazhanov, Aibek and Manning, Christopher and M{\u a}r{\u a}nduc, C{\u a}t{\u a}lina and Mare{\v c}ek, David and Mart{\'i}nez Alonso, H{\'e}ctor and Martins, Andr{\'e} and Ma{\v s}ek, Jan and Matsumoto, Yuji and {McDonald}, Ryan and Missil{\"a}, Anna and Mititelu, Verginica and Miyao, Yusuke and Montemagni, Simonetta and More, Amir and Mori, Shunsuke and Moskalevskyi, Bohdan and Muischnek, Kadri and Mustafina, Nina and M{\"u}{\"u}risep, Kaili and Nguyễn Thị, Lương and Nguyễn Thị Minh, Huyền and Nikolaev, Vitaly and Nurmi, Hanna and Ojala, Stina and Osenova, Petya and {\O}vrelid, Lilja and Pascual, Elena and Passarotti, Marco and Perez, Cenel-Augusto and Perrier, Guy and Petrov, Slav and Piitulainen, Jussi and Plank, Barbara and Popel, Martin and Pretkalniņa, Lauma and Prokopidis, Prokopis and Puolakainen, Tiina and Pyysalo, Sampo and Rademaker, Alexandre and Ramasamy, Loganathan and Real, Livy and Rituma, Laura and Rosa, Rudolf and Saleh, Shadi and Sanguinetti, Manuela and Saul{\=i}te, Baiba and Schuster, Sebastian and Seddah, Djam{\'e} and Seeker, Wolfgang and Seraji, Mojgan and Shakurova, Lena and Shen, Mo and Sichinava, Dmitry and Silveira, Natalia and Simi, Maria and Simionescu, Radu and Simk{\'o}, Katalin and {\v S}imkov{\'a}, M{\'a}ria and Simov, Kiril and Smith, Aaron and Suhr, Alane and Sulubacak, Umut and Sz{\'a}nt{\'o}, Zsolt and Taji, Dima and Tanaka, Takaaki and Tsarfaty, Reut and Tyers, Francis and Uematsu, Sumire and Uria, Larraitz and van Noord, Gertjan and Varga, Viktor and Vincze, Veronika and Washington, Jonathan North and {\v Z}abokrtsk{\'y}, Zden{\v e}k and Zeldes, Amir and Zeman, Daniel and Zhu, Hanzhi},
  url  = {http://hdl.handle.net/11234/1-1983},
  note = {{LINDAT}/{CLARIN} digital library at the Institute of Formal and Applied Linguistics, Charles University, Prague, \url{http://hdl.handle.net/11234/1-1983}},
  copyright = {Licence Universal Dependencies v2.0},
}


@misc{ud22data,
  title  = {{Universal Dependencies 2.2}},
  year = {2018},
  author = {Nivre, Joakim and others},
  authorall = {Nivre, Joakim and Agi{\'c}, {\v Z}eljko and Ahrenberg, Lars and Aranzabe, Maria Jesus and Asahara, Masayuki and Atutxa, Aitziber and Ballesteros, Miguel and Bauer, John and Bengoetxea, Kepa and Bhat, Riyaz Ahmad and Bick, Eckhard and Bosco, Cristina and Bouma, Gosse and Bowman, Sam and Candito, Marie and Cebiroğlu Eryiğit, G{\"u}l{\c s}en and Celano, Giuseppe G. A. and Chalub, Fabricio and Choi, Jinho and {\c C}{\"o}ltekin, {\c C}ağrı and Connor, Miriam and Davidson, Elizabeth and de Marneffe, Marie-Catherine and de Paiva, Valeria and Diaz de Ilarraza, Arantza and Dobrovoljc, Kaja and Dozat, Timothy and Droganova, Kira and Dwivedi, Puneet and Eli, Marhaba and Erjavec, Toma{\v z} and Farkas, Rich{\'a}rd and Foster, Jennifer and Freitas, Cl{\'a}udia and Gajdo{\v s}ov{\'a}, Katar{\'i}na and Galbraith, Daniel and Garcia, Marcos and Ginter, Filip and Goenaga, Iakes and Gojenola, Koldo and G{\"o}kırmak, Memduh and Goldberg, Yoav and G{\'o}mez Guinovart, Xavier and Gonz{\'a}les Saavedra, Berta and Grioni, Matias and Gr{\=u}z{\=i}tis, Normunds and Guillaume, Bruno and Habash, Nizar and Haji{\v c}, Jan and H{\`a} Mỹ, Linh and Haug, Dag and Hladk{\'a}, Barbora and Hohle, Petter and Ion, Radu and Irimia, Elena and Johannsen, Anders and J{\o}rgensen, Fredrik and Ka{\c s}ıkara, H{\"u}ner and Kanayama, Hiroshi and Kanerva, Jenna and Kotsyba, Natalia and Krek, Simon and Laippala, Veronika and L{\^e} Hồng, Phương and Lenci, Alessandro and Ljube{\v s}i{\'c}, Nikola and Lyashevskaya, Olga and Lynn, Teresa and Makazhanov, Aibek and Manning, Christopher and M{\u a}r{\u a}nduc, C{\u a}t{\u a}lina and Mare{\v c}ek, David and Mart{\'i}nez Alonso, H{\'e}ctor and Martins, Andr{\'e} and Ma{\v s}ek, Jan and Matsumoto, Yuji and {McDonald}, Ryan and Missil{\"a}, Anna and Mititelu, Verginica and Miyao, Yusuke and Montemagni, Simonetta and More, Amir and Mori, Shunsuke and Moskalevskyi, Bohdan and Muischnek, Kadri and Mustafina, Nina and M{\"u}{\"u}risep, Kaili and Nguyễn Thị, Lương and Nguyễn Thị Minh, Huyền and Nikolaev, Vitaly and Nurmi, Hanna and Ojala, Stina and Osenova, Petya and {\O}vrelid, Lilja and Pascual, Elena and Passarotti, Marco and Perez, Cenel-Augusto and Perrier, Guy and Petrov, Slav and Piitulainen, Jussi and Plank, Barbara and Popel, Martin and Pretkalniņa, Lauma and Prokopidis, Prokopis and Puolakainen, Tiina and Pyysalo, Sampo and Rademaker, Alexandre and Ramasamy, Loganathan and Real, Livy and Rituma, Laura and Rosa, Rudolf and Saleh, Shadi and Sanguinetti, Manuela and Saul{\=i}te, Baiba and Schuster, Sebastian and Seddah, Djam{\'e} and Seeker, Wolfgang and Seraji, Mojgan and Shakurova, Lena and Shen, Mo and Sichinava, Dmitry and Silveira, Natalia and Simi, Maria and Simionescu, Radu and Simk{\'o}, Katalin and {\v S}imkov{\'a}, M{\'a}ria and Simov, Kiril and Smith, Aaron and Suhr, Alane and Sulubacak, Umut and Sz{\'a}nt{\'o}, Zsolt and Taji, Dima and Tanaka, Takaaki and Tsarfaty, Reut and Tyers, Francis and Uematsu, Sumire and Uria, Larraitz and van Noord, Gertjan and Varga, Viktor and Vincze, Veronika and Washington, Jonathan North and {\v Z}abokrtsk{\'y}, Zden{\v e}k and Zeldes, Amir and Zeman, Daniel and Zhu, Hanzhi},
  url  = {http://hdl.handle.net/11234/1-1983xxx},
  note = {{LINDAT}/{CLARIN} digital library at the Institute of Formal and Applied Linguistics, Charles University, Prague, \url{http://hdl.handle.net/11234/1-1983xxx}},
  copyright = {Licence Universal Dependencies v2.2},
}

@book{Aho:72,
    author  = {Alfred V. Aho and Jeffrey D. Ullman},
    title   = {The Theory of Parsing, Translation and Compiling},
    year    = "1972",
    volume  = "1",
    publisher = {Prentice-Hall},
    address = {Englewood Cliffs, NJ}
}

@book{APA:83,
    author  = {{American Psychological Association}},
    title   = {Publications Manual},
    year    = "1983",
   publisher = {American Psychological Association},
   address = {Washington, DC}
}

@article{ACM:83,
	author = {Association for Computing Machinery},
	year = "1983",
	journal = {Computing Reviews},
	volume = "24",
	number = "11",
	pages = "503--512"
}

@article{Chandra:81,
	author = {Ashok K. Chandra and Dexter C. Kozen and Larry J. Stockmeyer},
	year = "1981",
	title = {Alternation},
	journal = {Journal of the Association for Computing Machinery},
	volume = "28",
	number = "1",
	pages = "114--133",
	doi = "10.1145/322234.322243",
}

@book{Gusfield:97,
    author  = {Dan Gusfield},
    title   = {Algorithms on Strings, Trees and Sequences},
    year    = "1997",
    publisher = {Cambridge University Press},
    address = {Cambridge, UK}
}

@InProceedings{P16-1001,
  author =	"Goodman, James
  	 and Vlachos, Andreas
	     and Naradowsky, Jason",
  title =    "Noise reduction and targeted exploration in imitation learning for      Abstract Meaning Representation parsing    ",
  booktitle = 	    "Proceedings of the 54th Annual Meeting of the Association for      Computational Linguistics (Volume 1: Long Papers)    ",
  year =    "2016",
  publisher =	"Association for Computational Linguistics",
  pages =   "1--11",
  location =	"Berlin, Germany",
  doi =    "10.18653/v1/P16-1001",
  url =    "http://aclweb.org/anthology/P16-1001"
}

@InProceedings{C14-1001,
  author =	"Harper, Mary",
  title = 	"Learning from 26 Languages: Program Management and Science in the Babel Program",
  booktitle = 	"Proceedings of COLING 2014, the 25th International Conference on Computational Linguistics: Technical Papers",
  year =    "2014",
  publisher =	"Dublin City University and Association for Computational Linguistics",
  pages =   "1",
  location =	"Dublin, Ireland",
  url =    "http://aclweb.org/anthology/C14-1001"
}
